@book{jain_engineering_chemistry,
  author    = {Jain, S. and Jain, A.},
  title     = {Engineering Chemistry},
  publisher = {Dhanpat Rai Publishing Company},
  year      = {2019}
}

@book{bhatnagar_engineering_chemistry,
  author    = {Bhatnagar, M. S.},
  title     = {Engineering Chemistry},
  publisher = {Krishna Prakashan Media},
  year      = {2018}
}

@book{krishnamurthy_process_tech,
  author    = {Krishnamurthy, N. and Rao, G. V.},
  title     = {Chemical Process Technology},
  publisher = {Himalaya Publishing House},
  year      = {2015}
}

@book{pant_engineering_chemistry_2080,
  author    = {Pant, Hem Raj and Mukhiya, Tanka and Bhattarai, Deval Prasad and Lohani, De Prakash Chandra},
  title     = {Engineering Chemistry},
  year      = {2023},
  note      = {2080 B.S. Edition},
  publisher = {Asmita Publication},
  location  = {Kathmandu, Nepal},
  language  = {English}
}